@book{chacon2009pro,
 author = {Chacon, Scott},
 title = {Pro Git},
 publisher = {Apress Distributed to the Book trade worldwide by Springer-Verlag},
 year = {2009},
 address = {Berkeley, CA New York},
 isbn = {9781430218340}
 }
@ONLINE{online,
	author = {Daniel Brettschneider},
	title = {Daniel Brettschneiders Blog},
	url = {http://www.daniel-brettschneider.de},
	note = {Zugriff: 15.02.2013, Archiviert mit WebCite\textsuperscript{\textregistered}: \url{http://www.webcitation.org/6ESWiGbhw}}
}

